<record><leader>00000cas a2200000 a 4500</leader><controlfield tag="001">11986810</controlfield><controlfield tag="008">850501d18401849iauwr ne      0    0eng c</controlfield><datafield ind1=" " ind2=" " tag="010"><subfield code="a">sn 85050801 </subfield></datafield><datafield ind1=" " ind2=" " tag="040"><subfield code="a">INP</subfield><subfield code="b">eng</subfield><subfield code="c">INP</subfield><subfield code="d">DLC</subfield><subfield code="d">INP</subfield><subfield code="d">CVF</subfield><subfield code="d">OCL</subfield><subfield code="d">OCLCQ</subfield><subfield code="d">OCLCF</subfield><subfield code="d">OCLCO</subfield></datafield><datafield ind1="1" ind2=" " tag="029"><subfield code="a">AU@</subfield><subfield code="b">000025787133</subfield></datafield><datafield ind1=" " ind2=" " tag="042"><subfield code="a">pcc</subfield></datafield><datafield ind1=" " ind2=" " tag="043"><subfield code="a">n-us-ia</subfield></datafield><datafield ind1="0" ind2="0" tag="050"><subfield code="a">Newspaper 7768-X</subfield></datafield><datafield ind1="0" ind2=" " tag="130"><subfield code="a">Bloomington herald (Bloomington, Iowa)</subfield></datafield><datafield ind1="1" ind2="0" tag="245"><subfield code="a">Bloomington herald.</subfield></datafield><datafield ind1=" " ind2=" " tag="260"><subfield code="a">Bloomington, Iowa :</subfield><subfield code="b">Thomas Hughes,</subfield><subfield code="c">1840-</subfield></datafield><datafield ind1=" " ind2=" " tag="300"><subfield code="a">v. :</subfield><subfield code="b">ill. (chiefly advertisements) ;</subfield><subfield code="c">50-55 cm.</subfield></datafield><datafield ind1=" " ind2=" " tag="310"><subfield code="a">Weekly</subfield></datafield><datafield ind1="0" ind2=" " tag="362"><subfield code="a">Vol. 1, no. 1 (Oct. 27, 1840)-v. 5, no. 12 (Sept. 20, 1845) ; new ser., v. 1, no. 27 (Sept 27, 1845)-</subfield></datafield><datafield ind1="1" ind2=" " tag="362"><subfield code="a">Ceased in 1849.</subfield><subfield code="z">Cf. Bibl. of Iowa newspapers.</subfield></datafield><datafield ind1=" " ind2=" " tag="500"><subfield code="a">Publisher varies.</subfield></datafield><datafield ind1=" " ind2=" " tag="500"><subfield code="a">Muscatine, Iowa, formerly called Bloomington, Iowa.</subfield></datafield><datafield ind1=" " ind2=" " tag="500"><subfield code="a">"Democratic."</subfield></datafield><datafield ind1=" " ind2=" " tag="500"><subfield code="a">"Devoted to the dissemination of correct moral and political principles and the early transmission of foreign and domestic news."</subfield></datafield><datafield ind1=" " ind2=" " tag="500"><subfield code="a">Originally edited by: John B. Russell and Thomas Hughes.</subfield></datafield><datafield ind1=" " ind2=" " tag="515"><subfield code="a">Issues for &lt;Jan. 21, 1842-Mar. 21, 1846&gt; called also whole no. &lt;65-271&gt;.</subfield></datafield><datafield ind1=" " ind2="0" tag="651"><subfield code="a">Muscatine (Iowa)</subfield><subfield code="v">Newspapers.</subfield></datafield><datafield ind1=" " ind2="7" tag="655"><subfield code="a">Newspapers.</subfield><subfield code="2">fast</subfield><subfield code="0">(OCoLC)fst01423814</subfield></datafield><datafield ind1=" " ind2="7" tag="651"><subfield code="a">Iowa</subfield><subfield code="z">Muscatine.</subfield><subfield code="2">fast</subfield><subfield code="0">(OCoLC)fst01205847</subfield></datafield><datafield ind1=" " ind2=" " tag="752"><subfield code="a">United States</subfield><subfield code="b">Iowa</subfield><subfield code="c">Muscatine</subfield><subfield code="d">Bloomington.</subfield></datafield><datafield ind1=" " ind2=" " tag="752"><subfield code="a">United States</subfield><subfield code="b">Iowa</subfield><subfield code="c">Muscatine</subfield><subfield code="d">Muscatine.</subfield></datafield><datafield ind1="0" ind2="0" tag="785"><subfield code="t">Muscatine journal (Muscatine, Iowa : 1849)</subfield><subfield code="w">(DLC)sn 88059754</subfield></datafield></record>